<record><leader>00000cas a2200000 a 4500</leader><controlfield tag="001">35551857</controlfield><controlfield tag="008">960913c19969999oruer ne      0   a0eng c</controlfield><datafield ind1=" " ind2=" " tag="010"><subfield code="a">  2004215095</subfield></datafield><datafield ind1=" " ind2=" " tag="040"><subfield code="a">ORU</subfield><subfield code="b">eng</subfield><subfield code="c">ORU</subfield><subfield code="d">OCN</subfield><subfield code="d">OCLCQ</subfield><subfield code="d">NSD</subfield><subfield code="d">OCLCQ</subfield><subfield code="d">ORU</subfield><subfield code="d">OCLCQ</subfield><subfield code="d">OCLCF</subfield><subfield code="d">OCLCO</subfield></datafield><datafield ind1=" " ind2=" " tag="012"><subfield code="m">0</subfield></datafield><datafield ind1="1" ind2=" " tag="022"><subfield code="a">1550-3909</subfield><subfield code="l">1550-3909</subfield><subfield code="2">1</subfield></datafield><datafield ind1="1" ind2=" " tag="029"><subfield code="a">AU@</subfield><subfield code="b">000025541421</subfield></datafield><datafield ind1=" " ind2=" " tag="037"><subfield code="b">Country Media, Inc., P.O. Box 355, Manzanita OR 97130</subfield></datafield><datafield ind1=" " ind2=" " tag="042"><subfield code="a">nsdp</subfield><subfield code="a">pcc</subfield></datafield><datafield ind1=" " ind2=" " tag="043"><subfield code="a">n-us-or</subfield></datafield><datafield ind1="1" ind2="0" tag="050"><subfield code="a">ISSN RECORD</subfield></datafield><datafield ind1=" " ind2="0" tag="222"><subfield code="a">North Coast citizen</subfield></datafield><datafield ind1="0" ind2="4" tag="245"><subfield code="a">The North Coast citizen.</subfield></datafield><datafield ind1=" " ind2=" " tag="260"><subfield code="3">Apr. 4, 1996- :</subfield><subfield code="a">Nehalem, Or. :</subfield><subfield code="b">Citizen Pub. Co.,</subfield><subfield code="c">1996-</subfield></datafield><datafield ind1="2" ind2=" " tag="260"><subfield code="3">&lt;-June 19/29, 2011&gt; :</subfield><subfield code="a">Nehalem, OR :</subfield><subfield code="b">East Oregonian Pub. Co.</subfield></datafield><datafield ind1="3" ind2=" " tag="260"><subfield code="3">&lt;July 14/27, 2011-&gt; :</subfield><subfield code="a">Nehalem, OR :</subfield><subfield code="b">Country Media, Inc.</subfield></datafield><datafield ind1=" " ind2=" " tag="300"><subfield code="a">v. :</subfield><subfield code="b">ill. ;</subfield><subfield code="c">34-58 cm.</subfield></datafield><datafield ind1=" " ind2=" " tag="310"><subfield code="a">Biweekly, on Thursday</subfield></datafield><datafield ind1="0" ind2=" " tag="362"><subfield code="a">Vol. 1, no. 1 (Apr. 4, 1996)-</subfield></datafield><datafield ind1=" " ind2=" " tag="500"><subfield code="a">"Serving the North Oregon Coast communities of Manzanita, Nehalem, Wheeler, Rockaway Beach, and Garibaldi, Oregon."</subfield></datafield><datafield ind1=" " ind2=" " tag="588"><subfield code="a">Latest issue consulted: Vol. 16, no. 5 (July 14/27, 2011).</subfield></datafield><datafield ind1=" " ind2="0" tag="651"><subfield code="a">Pacific Coast (Or.)</subfield><subfield code="v">Newspapers.</subfield></datafield><datafield ind1=" " ind2="0" tag="651"><subfield code="a">Tillamook County (Or.)</subfield><subfield code="v">Newspapers.</subfield></datafield><datafield ind1=" " ind2="0" tag="651"><subfield code="a">Manzanita (Or.)</subfield><subfield code="v">Newspapers.</subfield></datafield><datafield ind1=" " ind2="0" tag="651"><subfield code="a">Nehalem (Or.)</subfield><subfield code="v">Newspapers.</subfield></datafield><datafield ind1=" " ind2="0" tag="651"><subfield code="a">Wheeler (Or.)</subfield><subfield code="v">Newspapers.</subfield></datafield><datafield ind1=" " ind2="0" tag="651"><subfield code="a">Rockaway (Or.)</subfield><subfield code="v">Newspapers.</subfield></datafield><datafield ind1=" " ind2="0" tag="651"><subfield code="a">Garibaldi (Or.)</subfield><subfield code="v">Newspapers.</subfield></datafield><datafield ind1=" " ind2="7" tag="655"><subfield code="a">Newspapers.</subfield><subfield code="2">fast</subfield><subfield code="0">(OCoLC)fst01423814</subfield></datafield><datafield ind1=" " ind2="7" tag="651"><subfield code="a">Oregon</subfield><subfield code="z">Garibaldi.</subfield><subfield code="2">fast</subfield><subfield code="0">(OCoLC)fst01247692</subfield></datafield><datafield ind1=" " ind2="7" tag="651"><subfield code="a">Oregon</subfield><subfield code="z">Manzanita.</subfield><subfield code="2">fast</subfield><subfield code="0">(OCoLC)fst01231167</subfield></datafield><datafield ind1=" " ind2="7" tag="651"><subfield code="a">Oregon</subfield><subfield code="z">Nehalem.</subfield><subfield code="2">fast</subfield><subfield code="0">(OCoLC)fst01231168</subfield></datafield><datafield ind1=" " ind2="7" tag="651"><subfield code="a">Oregon</subfield><subfield code="z">Pacific Coast.</subfield><subfield code="2">fast</subfield><subfield code="0">(OCoLC)fst01241657</subfield></datafield><datafield ind1=" " ind2="7" tag="651"><subfield code="a">Oregon</subfield><subfield code="z">Rockaway.</subfield><subfield code="2">fast</subfield><subfield code="0">(OCoLC)fst01249853</subfield></datafield><datafield ind1=" " ind2="7" tag="651"><subfield code="a">Oregon</subfield><subfield code="z">Tillamook County.</subfield><subfield code="2">fast</subfield><subfield code="0">(OCoLC)fst01205853</subfield></datafield><datafield ind1=" " ind2="7" tag="651"><subfield code="a">Oregon</subfield><subfield code="z">Wheeler.</subfield><subfield code="2">fast</subfield><subfield code="0">(OCoLC)fst01223381</subfield></datafield><datafield ind1=" " ind2=" " tag="752"><subfield code="a">United States</subfield><subfield code="b">Oregon</subfield><subfield code="c">Tillamook</subfield><subfield code="d">Nehalem.</subfield></datafield></record>